@book{Goodfellow-et-al-2016,
    title={Deep Learning},
    author={Ian Goodfellow and Yoshua Bengio and Aaron Courville},
    publisher={MIT Press},
    note={\url{http://www.deeplearningbook.org}},
    year={2016}
}

@inproceedings{yosinski-2015-ICML-DL-understanding-neural-networks,
Author = {Jason Yosinski and Jeff Clune and Anh Nguyen and Thomas Fuchs and Hod Lipson},
Booktitle = {Deep Learning Workshop, International Conference on Machine Learning (ICML)},
Title = {Understanding Neural Networks Through Deep Visualization},
Year = {2015}}
